<record><leader>00000cas a22000007a 4500</leader><controlfield tag="001">14185024</controlfield><controlfield tag="008">860905d19661967txucr ne      0    0eng d</controlfield><datafield ind1=" " ind2=" " tag="010"><subfield code="a">sn 86090629 </subfield></datafield><datafield ind1=" " ind2=" " tag="040"><subfield code="a">PPM</subfield><subfield code="b">eng</subfield><subfield code="c">PPM</subfield><subfield code="d">OCLCQ</subfield></datafield><datafield ind1="0" ind2=" " tag="130"><subfield code="a">Kermit sun (Kermit, Tex. : 1966)</subfield></datafield><datafield ind1="1" ind2="4" tag="245"><subfield code="a">The Kermit sun.</subfield></datafield><datafield ind1=" " ind2=" " tag="260"><subfield code="a">Kermit, Tex. :</subfield><subfield code="b">M.M. Donosky,</subfield><subfield code="c">1966-1967.</subfield></datafield><datafield ind1=" " ind2=" " tag="300"><subfield code="a">v. :</subfield><subfield code="b">ill.</subfield></datafield><datafield ind1=" " ind2=" " tag="310"><subfield code="a">Semiweekly</subfield></datafield><datafield ind1="0" ind2=" " tag="362"><subfield code="a">Vol. 3, no. 132 (June 2, 1966)-v. 4, no. [22] (Feb. 14, 1967).</subfield></datafield><datafield ind1=" " ind2=" " tag="752"><subfield code="a">United states</subfield><subfield code="b">Texas</subfield><subfield code="c">Winkler</subfield><subfield code="d">Kermit.</subfield></datafield><datafield ind1="0" ind2="0" tag="780"><subfield code="t">Kermit daily sun</subfield></datafield></record>